<record><leader>00000cas a22000007a 4500</leader><controlfield tag="001">13640953</controlfield><controlfield tag="008">860523d1968197uinudn ne      0    0eng d</controlfield><datafield ind1=" " ind2=" " tag="010"><subfield code="a">sn 86058548 </subfield></datafield><datafield ind1=" " ind2=" " tag="040"><subfield code="a">NPI</subfield><subfield code="b">eng</subfield><subfield code="c">NPI</subfield><subfield code="d">OCLCQ</subfield><subfield code="d">IUL</subfield><subfield code="d">OCLCF</subfield></datafield><datafield ind1=" " ind2=" " tag="042"><subfield code="a">msc</subfield></datafield><datafield ind1=" " ind2=" " tag="043"><subfield code="a">n-us-in</subfield></datafield><datafield ind1="0" ind2=" " tag="130"><subfield code="a">Journal-herald (Winchester, Ind.)</subfield></datafield><datafield ind1="1" ind2="0" tag="245"><subfield code="a">Journal-herald.</subfield></datafield><datafield ind1=" " ind2=" " tag="260"><subfield code="a">Winchester, Ind. :</subfield><subfield code="b">Gazette Pub. Co.,</subfield><subfield code="c">1968-</subfield></datafield><datafield ind1=" " ind2=" " tag="300"><subfield code="a">v. :</subfield><subfield code="b">ill. ;</subfield><subfield code="c">56 cm.</subfield></datafield><datafield ind1=" " ind2=" " tag="310"><subfield code="a">Daily (except Sun.)</subfield></datafield><datafield ind1="0" ind2=" " tag="362"><subfield code="a">Vol. 43, no. 78 (July 2, 1968)-</subfield></datafield><datafield ind1="1" ind2=" " tag="362"><subfield code="a">Probably ceased in Dec. 1969.</subfield></datafield><datafield ind1=" " ind2=" " tag="500"><subfield code="a">Includes: Randolph County Sesquicentennial edition (Aug. 16, 1968), which was a joint edition with: The News-gazette.</subfield></datafield><datafield ind1=" " ind2=" " tag="515"><subfield code="a">Continues the numbering of the Winchester journal-herald.</subfield></datafield><datafield ind1=" " ind2=" " tag="580"><subfield code="a">The Journal-herald served the "rural routes and other communities in Randolph and Darke counties other than Union City and Winchester." The: News-gazette contained Union City and Winchester news.</subfield></datafield><datafield ind1=" " ind2="0" tag="651"><subfield code="a">Winchester (Ind.)</subfield><subfield code="v">Newspapers.</subfield></datafield><datafield ind1=" " ind2="0" tag="651"><subfield code="a">Randolph County (Ind.)</subfield><subfield code="v">Newspapers.</subfield></datafield><datafield ind1=" " ind2="7" tag="655"><subfield code="a">Newspapers.</subfield><subfield code="2">fast</subfield><subfield code="0">(OCoLC)fst01423814</subfield></datafield><datafield ind1=" " ind2="7" tag="651"><subfield code="a">Indiana</subfield><subfield code="z">Randolph County.</subfield><subfield code="2">fast</subfield><subfield code="0">(OCoLC)fst01208877</subfield></datafield><datafield ind1=" " ind2="7" tag="651"><subfield code="a">Indiana</subfield><subfield code="z">Winchester.</subfield><subfield code="2">fast</subfield><subfield code="0">(OCoLC)fst01255182</subfield></datafield><datafield ind1=" " ind2=" " tag="752"><subfield code="a">United States</subfield><subfield code="b">Indiana</subfield><subfield code="c">Randolph</subfield><subfield code="d">Winchester.</subfield></datafield><datafield ind1="1" ind2=" " tag="775"><subfield code="t">News-gazette (Winchester, Ind. : 1968)</subfield><subfield code="w">(DLC)sn 86058531</subfield><subfield code="w">(OCoLC)13641042</subfield></datafield><datafield ind1="0" ind2="0" tag="780"><subfield code="t">Winchester journal-herald</subfield><subfield code="w">(DLC)sn 86058547</subfield><subfield code="w">(OCoLC)13640822</subfield></datafield><datafield ind1="0" ind2="7" tag="785"><subfield code="t">News-gazette (Winchester, Ind. : 1968)</subfield><subfield code="w">(DLC)sn 86058531</subfield><subfield code="w">(OCoLC)13641042</subfield></datafield><datafield ind1="0" ind2="7" tag="785"><subfield code="t">Winchester journal-herald</subfield><subfield code="w">(DLC)sn 86058547</subfield><subfield code="w">(OCoLC)13640822</subfield></datafield></record>